<?xml version="1.0" encoding="UTF-8"?><collection xmlns="http://www.loc.gov/MARC21/slim"><record><leader>00470nam--2200181-u-4500</leader><controlfield tag="001">000053923</controlfield><controlfield tag="002">20161230</controlfield><controlfield tag="005">20161230201051</controlfield><controlfield tag="008">110707s1000------------r-----000-0-rus-d</controlfield><datafield ind1=" " ind2=" " tag="040"><subfield code="a">IFIN-HH</subfield></datafield><datafield ind1=" " ind2=" " tag="041"><subfield code="a">rus</subfield></datafield><datafield ind1=" " ind2=" " tag="080"><subfield code="a">537.226.3</subfield></datafield><datafield ind1="1" ind2=" " tag="110"><subfield code="a">Akademia Latviiskoi Ssr</subfield></datafield><datafield ind1="1" ind2="0" tag="245"><subfield code="a">Fazovie perehodi soputstvuyusie im iavlennia v segnetoelektrikah</subfield></datafield><datafield ind1=" " ind2=" " tag="260"><subfield code="a">Riga</subfield><subfield code="b">Universitet</subfield><subfield code="c">1984</subfield></datafield><datafield ind1=" " ind2=" " tag="300"><subfield code="a">206P</subfield></datafield><datafield ind1=" " ind2=" " tag="852"><subfield code="a">72353</subfield><subfield code="c">537.226</subfield></datafield><datafield ind1=" " ind2=" " tag="CAT"><subfield code="a">Sys</subfield><subfield code="c">20110707</subfield><subfield code="h">121448</subfield></datafield></record></collection>